@ARTICLE{Origin_of_Polar,
    author={Arıkan, Erdal},
    journal={IEEE Journal on Selected Areas in Communications}, 
    title={On the Origin of Polar Coding}, 
    year={2016},
    volume={34},
    number={2},
    pages={209-223},
    keywords={Maximum likelihood decoding;Boosting;Block codes;Channel polarization;polar codes;cutoff rate;sequential decoding},
    doi={10.1109/JSAC.2015.2504300}
}

@ARTICLE{Channel_Polarization,
    author={Arikan, Erdal},
    journal={IEEE Transactions on Information Theory}, 
    title={Channel Polarization: A Method for Constructing Capacity-Achieving Codes for Symmetric Binary-Input Memoryless Channels}, 
    year={2009},
    volume={55},
    number={7},
    pages={3051-3073},
    keywords={Polarization;Memoryless systems;Decoding;Capacity planning;Channel capacity;Channel coding;Noise cancellation;Codes;Councils;Information theory;Capacity-achieving codes;channel capacity;channel polarization;Plotkin construction;polar codes;Reed– Muller (RM) codes;successive cancellation decoding},
    doi={10.1109/TIT.2009.2021379}
}

@INPROCEEDINGS{On_the_Rate_of_Channel_Polarization,
    author={Arikan, Erdal and Telatar, Emre},
    booktitle={2009 IEEE International Symposium on Information Theory}, 
    title={On the rate of channel polarization}, 
    year={2009},
    volume={},
    number={},
    pages={1493-1495},
    keywords={Polarization;Zinc;Decoding;Memoryless systems;Random processes;Information theory;Laboratories;Capacity planning;Error analysis;Convergence},
    doi={10.1109/ISIT.2009.5205856}
}

@ARTICLE{Polar_Code_Simplicity,
  author={Wang, Hsin-Po and Duursma, Iwan M.},
  journal={IEEE Transactions on Information Theory}, 
  title={Polar Codes’ Simplicity, Random Codes’ Durability}, 
  year={2021},
  volume={67},
  number={3},
  pages={1478-1508},
  keywords={Kernel;Polar codes;Error probability;Decoding;Complexity theory;Memoryless systems;Capacity planning;Capacity-achieving codes;low-complexity codes;polar codes;random codes},
  doi={10.1109/TIT.2020.3041570}
}

@ARTICLE{Blackwell_Measure,
  author={Goela, Naveen and Raginsky, Maxim},
  journal={IEEE Transactions on Information Theory}, 
  title={Channel Polarization Through the Lens of Blackwell Measures}, 
  year={2020},
  volume={66},
  number={10},
  pages={6222-6241},
  keywords={Random processes;Transforms;Convergence;Probability distribution;Density measurement;Reliability;Correlation;Channel polarization;polar transform;Blackwell measure;random process;martingale;channel functional;functional inequality},
  doi={10.1109/TIT.2020.3016605}
}

@ARTICLE{Polar_Coding_wo_Alphabet_Extension_for_Asymmetric_Models,
  author={Honda, Junya and Yamamoto, Hirosuke},
  journal={IEEE Transactions on Information Theory}, 
  title={Polar Coding Without Alphabet Extension for Asymmetric Models}, 
  year={2013},
  volume={59},
  number={12},
  pages={7829-7838},
  keywords={Integrated circuits;Decoding;Channel coding;Error probability;Source coding;Complexity theory;Asymmetric channels;channel coding;lossy source coding;polar codes},
  doi={10.1109/TIT.2013.2282305}
}

@ARTICLE{Unified_Scaling_of_Polar_Codes,
  author={Mondelli, Marco and Hassani, S. Hamed and Urbanke, Rüdiger L.},
  journal={IEEE Transactions on Information Theory}, 
  title={Unified Scaling of Polar Codes: Error Exponent, Scaling Exponent, Moderate Deviations, and Error Floors}, 
  year={2016},
  volume={62},
  number={12},
  pages={6698-6712},
  keywords={Error probability;Decoding;Upper bound;Capacity planning;Parity check codes;Encoding;Performance analysis;Polar codes;error exponent;scaling exponent;moderate deviations;error floor},
  doi={10.1109/TIT.2016.2616117}
}

@ARTICLE{Sub_4_7_Scaling_Exponent,
  author={Wang, Hsin-Po and Lin, Ting-Chun and Vardy, Alexander and Gabrys, Ryan},
  journal={IEEE Transactions on Information Theory}, 
  title={Sub-4.7 Scaling Exponent of Polar Codes}, 
  year={2023},
  volume={69},
  number={7},
  pages={4235-4254},
  keywords={Kernel;Polar codes;Codes;Symbols;Encoding;Decoding;Standards;Polar code;scaling exponent;density evolution;information combining;binary memoryless symmetric (BMS) channels},
  doi={10.1109/TIT.2023.3253074}
}

@article{Greene,
    author = {Curtis Greene},
    title = {Weight Enumeration and Geoemtry of Linear Codes},
    year = {1976},
    doi = {https://doi.org/10.1002/sapm1976552119}
}

@INPROCEEDINGS{Complexity_Nonunif_Rand,
    author={D. Knuth and A. Yao},
    booktitle={Algorithms and Complexity: New Directions and Recent Results},
    title={The complexity of nonuniform random number generation},
    publisher={Academic Press},
    year={1976},
    pages={357-428}
}

@ARTICLE{Kautz_Singleton_64,
    author={Kautz, W. and Singleton, R.},
    journal={IEEE Transactions on Information Theory}, 
    title={Nonrandom binary superimposed codes}, 
    year={1964},
    volume={10},
    number={4},
    pages={363-377},
    keywords={},
    doi={10.1109/TIT.1964.1053689}
}

@misc{Generalized_Group_Testing,
      title={Generalized Group Testing}, 
      author={Xiwei Cheng and Sidharth Jaggi and Qiaoqiao Zhou},
      year={2022},
      eprint={2102.10256},
      archivePrefix={arXiv},
      primaryClass={cs.IT},
      url={https://arxiv.org/abs/2102.10256}, 
}

@misc{CombinatorialGT_SparseRecovery,
      title={Combinatorial Group Testing and Sparse Recovery Schemes with Near-Optimal Decoding Time}, 
      author={Mahdi Cheraghchi and Vasileios Nakos},
      year={2020},
      eprint={2006.08420},
      archivePrefix={arXiv},
      primaryClass={cs.IT},
      url={https://arxiv.org/abs/2006.08420}, 
}

@misc{NoisyNonadaptiveGT,
      title={Noisy Nonadaptive Group Testing with Binary Splitting: New Test Design and Improvement on Price-Scarlett-Tan's Scheme}, 
      author={Xiaxin Li and Arya Mazumdar},
      year={2025},
      eprint={2410.14566},
      archivePrefix={arXiv},
      primaryClass={cs.IT},
      url={https://arxiv.org/abs/2410.14566}, 
}

@INPROCEEDINGS{Quickly_Decodable_GT,
  author={Wang, Hsin-Po and Gabrys, Ryan and Guruswami, Venkatesan},
  booktitle={2023 IEEE International Symposium on Information Theory (ISIT)}, 
  title={Quickly-Decodable Group Testing with Fewer Tests: Price–Scarlett’s Nonadaptive Splitting with Explicit Scalars}, 
  year={2023},
  volume={},
  number={},
  pages={1609-1614},
  keywords={Error probability;Sociology;Complexity theory;Decoding;Statistics;Testing},
  doi={10.1109/ISIT54713.2023.10206843}
}


%%%%%%%%%%%%%%%%%%%%%
@ARTICLE{Shannon,
    author={Shannon, C. E.},
    journal={The Bell System Technical Journal}, 
    title={A mathematical theory of communication}, 
    year={1948},
    volume={27},
    number={3},
    pages={379-423},
    keywords={},
    doi={10.1002/j.1538-7305.1948.tb01338.x}
}

@ARTICLE{Inequalities_Channel_Polarization,
    author={Jayram, T. S. and Arıkan, Erdal},
    journal={IEEE Transactions on Information Theory}, 
    title={A Note on Some Inequalities Used in Channel Polarization and Polar Coding}, 
    year={2018},
    volume={64},
    number={8},
    pages={5767-5768},
    keywords={Memoryless systems;Encoding;Entropy;Electronic mail;Indexes;Taylor series;Channel polarization;polar coding;Bhattacharyya parameter;Jensen-Shannon divergence;Hellinger distance},
    doi={10.1109/TIT.2017.2717598}
}

@INPROCEEDINGS{Binary_PC_Bit_Err_Prob,
    author={Muramatsu, Jun},
    booktitle={2022 IEEE International Symposium on Information Theory (ISIT)}, 
    title={Binary Polar Codes Based on Bit Error Probability}, 
    year={2022},
    volume={},
    number={},
    pages={2148-2153},
    keywords={Upper bound;Codes;Error probability;Decoding;Polar codes},
    doi={10.1109/ISIT50566.2022.9834407}
}


%%%%%%%%%%%%%%%%%%%%%%%%
@book{Durrett,
    author = {Rick Durrett},
    title = {Probability: Theory and Examples},
    publisher = {Duke Mathematics Department},
    year = {2019}
}

@book{Modern_Coding_Theory,
    author = {T. Richardson and R. Urbanke},
    title = {Modern Coding Theory},
    publisher = {Cambridge University Press},
    year = {2007}
}

@book{Essential_Coding_Theory,
    author = {Venkatesan Guruswami, Atri Rudra and Madhu Sudan},
    title = {Essential Coding Theory},
    publisher = {University at Buffalo},
    year = {2023}
}
